@ARTICLE{forward_algo,
author={L. R. Rabiner},
journal={Proceedings of the IEEE},
title={A tutorial on hidden Markov models and selected applications in speech recognition},
year={1989},
volume={77},
number={2},
pages={257-286},
keywords={Markov processes;speech recognition;ergodic models;hidden Markov models;speech recognition;discrete Markov chains;hidden states;probabilistic function;coin-tossing;balls-in-urns system;left-right models;Tutorial;Hidden Markov models;Speech recognition},
doi={10.1109/5.18626},
ISSN={0018-9219},
month={Feb},}

@ARTICLE{viterbi,
author={A. Viterbi},
journal={IEEE Transactions on Information Theory},
title={Error bounds for convolutional codes and an asymptotically optimum decoding algorithm},
year={1967},
volume={13},
number={2},
pages={260-269},
keywords={Convolutional codes},
doi={10.1109/TIT.1967.1054010},
ISSN={0018-9448},
month={April},}

@InProceedings{10.1007/11590316_30,
author="Koo, Ja-Min
and Cho, Sung-Bae",
editor="Pal, Sankar K.
and Bandyopadhyay, Sanghamitra
and Biswas, Sambhunath",
title="Effective Intrusion Type Identification with Edit Distance for HMM-Based Anomaly Detection System",
booktitle="Pattern Recognition and Machine Intelligence",
year="2005",
publisher="Springer Berlin Heidelberg",
isbn="978-3-540-32420-1"
}

@INPROCEEDINGS{7366308,
author={W. Bongiovanni and A. E. Guelfi and E. Pontes and A. A. A. Silva and F. Zhou and S. T. Kofuji},
booktitle={2015 IEEE 40th Conference on Local Computer Networks (LCN)},
title={Viterbi algorithm for detecting DDoS attacks},
year={2015},
volume={},
number={},
}

@article{Buczak2016ASO,
title={A Survey of Data Mining and Machine Learning Methods for Cyber Security Intrusion Detection},
author={Anna L. Buczak and Erhan Guven},
journal={IEEE Communications Surveys & Tutorials},
year={2016},
volume={18},
pages={1153-1176}
}


@inproceedings{joshi2005investigating,
  title={Investigating hidden Markov models capabilities in anomaly detection},
  author={Joshi, Shrijit S and Phoha, Vir V},
  booktitle={Proceedings of the 43rd annual Southeast regional conference-Volume 1},
  pages={98--103},
  year={2005},
  organization={ACM}
}

@article{romanosky2016examining,
  title={Examining the costs and causes of cyber incidents},
  author={Romanosky, Sasha},
  journal={Journal of Cybersecurity},
  volume={2},
  number={2},
  pages={121--135},
  year={2016},
  publisher={Oxford University Press}
}

@article{baum1966statistical,
  title={Statistical inference for probabilistic functions of finite state Markov chains},
  author={Baum, Leonard E and Petrie, Ted},
  journal={The annals of mathematical statistics},
  volume={37},
  number={6},
  pages={1554--1563},
  year={1966},
  publisher={JSTOR}
}

@article{garcia2009anomaly,
  title={Anomaly-based network intrusion detection: Techniques, systems and challenges},
  author={Garcia-Teodoro, Pedro and Diaz-Verdejo, Jesus and Maci{\'a}-Fern{\'a}ndez, Gabriel and V{\'a}zquez, Enrique},
  journal={computers \& security},
  volume={28},
  number={1-2},
  pages={18--28},
  year={2009},
  publisher={Elsevier}
}

@article{article,
author = {Sheenam, Sheenam and Dhiman, Sanjeev},
year = {2016},
month = {04},
pages = {20-25},
title = {Comprehensive Review: Intrusion Detection System and Techniques},
volume = {18},
journal = {IOSR Journal of Computer Engineering},
doi = {10.9790/0661-1804032025}
}

@techreport{axelsson1998research,
  title={Research in intrusion-detection systems: A survey},
  author={Axelsson, Stefan},
  year={1998},
  institution={Technical report 98--17. Department of Computer Engineering, Chalmers~â€¦}
}

@techreport{stolfo2000cost,
  title={Cost-based modeling for fraud and intrusion detection: Results from the JAM project},
  author={Stolfo, Salvatore J and Fan, Wei and Lee, Wenke and Prodromidis, Andreas and Chan, Philip K},
  year={2000},
  institution={COLUMBIA UNIV NEW YORK DEPT OF COMPUTER SCIENCE}
}

@article{thanthrige2016intrusion,
  title={Intrusion alert prediction using a hidden Markov model},
  author={Thanthrige, Udaya Sampath K and Samarabandu, Jagath and Wang, Xianbin},
  journal={arXiv preprint arXiv:1610.07276},
  year={2016}
}

@inproceedings{joshi2005investigating,
  title={Investigating hidden Markov models capabilities in anomaly detection},
  author={Joshi, Shrijit S and Phoha, Vir V},
  booktitle={Proceedings of the 43rd annual Southeast regional conference-Volume 1},
  pages={98--103},
  year={2005},
  organization={ACM}
}

@article{lindstrom2004intrusion,
  title={Intrusion prevention systems (IPS): Next generation firewalls},
  author={Lindstrom, Pete and Director, R},
  journal={Spire Security},
  volume={92},
  year={2004}
}

@article{pescatore2009defining,
  title={Defining the next-generation firewall},
  author={Pescatore, John and Young, Greg},
  journal={Gartner RAS Core Research Note},
  year={2009}
}

@article{buczak2016survey,
  title={A survey of data mining and machine learning methods for cyber security intrusion detection},
  author={Buczak, Anna L and Guven, Erhan},
  journal={IEEE Communications Surveys \& Tutorials},
  volume={18},
  number={2},
  pages={1153--1176},
  year={2016},
  publisher={IEEE}
}
